[gd_scene load_steps=3 format=2]

[ext_resource path="res://gui/main_menu.gd" type="Script" id=1]
[ext_resource path="res://asset/image/gui-info-bg.svg" type="Texture" id=2]

[node name="menu" type="Spatial"]

[node name="GameCamera" type="Camera" parent="."]

[node name="gui" type="MarginContainer" parent="GameCamera"]
anchor_left = 0.5
anchor_top = 0.5
anchor_right = 0.5
anchor_bottom = 0.5
margin_left = -150.0
margin_top = -70.7063
margin_right = 150.0
margin_bottom = 103.294
rect_min_size = Vector2( 300, 0 )
size_flags_horizontal = 3
size_flags_vertical = 3
custom_constants/margin_right = 10
custom_constants/margin_top = 10
custom_constants/margin_left = 10
custom_constants/margin_bottom = 10
script = ExtResource( 1 )
__meta__ = {
"_edit_use_anchors_": false
}

[node name="NinePatchRect" type="NinePatchRect" parent="GameCamera/gui"]
margin_left = 10.0
margin_top = 10.0
margin_right = 290.0
margin_bottom = 164.0
texture = ExtResource( 2 )
patch_margin_top = 10
patch_margin_bottom = 10

[node name="MarginContainer" type="MarginContainer" parent="GameCamera/gui"]
margin_left = 10.0
margin_top = 10.0
margin_right = 290.0
margin_bottom = 164.0
size_flags_horizontal = 3
size_flags_vertical = 3
custom_constants/margin_right = 40
custom_constants/margin_top = 20
custom_constants/margin_left = 40
custom_constants/margin_bottom = 20

[node name="VBoxContainer" type="VBoxContainer" parent="GameCamera/gui/MarginContainer"]
margin_left = 40.0
margin_top = 20.0
margin_right = 240.0
margin_bottom = 134.0

[node name="title" type="Label" parent="GameCamera/gui/MarginContainer/VBoxContainer"]
margin_right = 200.0
margin_bottom = 14.0
text = "Construct and Divide"
align = 1

[node name="MarginContainer" type="MarginContainer" parent="GameCamera/gui/MarginContainer/VBoxContainer"]
margin_top = 18.0
margin_right = 200.0
margin_bottom = 28.0
custom_constants/margin_top = 10

[node name="new game" type="Button" parent="GameCamera/gui/MarginContainer/VBoxContainer"]
margin_top = 32.0
margin_right = 200.0
margin_bottom = 52.0
text = "New Game"

[node name="MarginContainer2" type="MarginContainer" parent="GameCamera/gui/MarginContainer/VBoxContainer"]
margin_top = 56.0
margin_right = 200.0
margin_bottom = 59.0
custom_constants/margin_top = 3

[node name="continue" type="Button" parent="GameCamera/gui/MarginContainer/VBoxContainer"]
margin_top = 63.0
margin_right = 200.0
margin_bottom = 83.0
disabled = true
text = "Continue"

[node name="MarginContainer3" type="MarginContainer" parent="GameCamera/gui/MarginContainer/VBoxContainer"]
margin_top = 87.0
margin_right = 200.0
margin_bottom = 90.0
custom_constants/margin_top = 3

[node name="exit" type="Button" parent="GameCamera/gui/MarginContainer/VBoxContainer"]
margin_top = 94.0
margin_right = 200.0
margin_bottom = 114.0
text = "Exit"

[connection signal="pressed" from="GameCamera/gui/MarginContainer/VBoxContainer/new game" to="GameCamera/gui" method="_on_new_game_pressed"]
[connection signal="pressed" from="GameCamera/gui/MarginContainer/VBoxContainer/continue" to="GameCamera/gui" method="_on_continue_pressed"]
[connection signal="pressed" from="GameCamera/gui/MarginContainer/VBoxContainer/exit" to="GameCamera/gui" method="_on_exit_pressed"]
